% !Mode:: "TeX:UTF-8"
% 文字编码：UTF-8

@inproceedings{heusse2003performance,
  author    = {Gilles Berger{-}Sabbatel and
               Franck Rousseau and
               Martin Heusse and
               Andrzej Duda},
  title     = {Performance anomaly of 802.11b},
  booktitle = {Proceedings {IEEE} {INFOCOM} 2003, The 22nd Annual Joint Conference
               of the {IEEE} Computer and Communications Societies, San Franciso,
               CA, USA, March 30 - April 3, 2003},
  year      = {2003},
}
%%%%%%%%%%%%%%%%%%%%%%%%%%%%%%%%%%%%%%%%%%%%%%%%
%%% Related Works
%%%%%%%%%%%%%%%%%%%%%%%%%%%%%%%%%%%%%%%%%%%%%%%%
@inproceedings{jacobson1988congestion,
  author    = {V. Jacobson},
  title     = {Congestion avoidance and control},
  journal   = {Computer Communication Review},
  volume    = {25},
  number    = {1},
  pages     = {157--187},
  year      = {1995},
  url       = {http://doi.acm.org/10.1145/205447.205462},
  doi       = {10.1145/205447.205462},
}
@article{turletti1996videoconferencing,
  author    = {Thierry Turletti and
               Christian Huitema},
  title     = {Videoconferencing on the Internet},
  journal   = {{IEEE/ACM} Trans. Netw.},
  volume    = {4},
  number    = {3},
  pages     = {340--351},
  year      = {1996},
  url       = {http://dx.doi.org/10.1109/90.502233},
  doi       = {10.1109/90.502233},
}
@article{floyd1999promoting,
  author    = {Sally Floyd and
               Kevin R. Fall},
  title     = {Promoting the use of end-to-end congestion control in the Internet},
  journal   = {{IEEE/ACM} Trans. Netw.},
  volume    = {7},
  number    = {4},
  pages     = {458--472},
  year      = {1999},
  url       = {http://dx.doi.org/10.1109/90.793002},
  doi       = {10.1109/90.793002},
}
@article{handley2003tcp,
  title={TCP friendly rate control (TFRC): Protocol specification},
  author={Handley, Mark and Floyd, Sally and Padhye, Jitendra and Widmer, J{\"o}rg},
  year={2003},
  publisher={RFC 3448, January}
}
@misc{website:rmcat,
  author = "[Online]",
  year={2016},
  title = "https://datatracker.ietf.org/group/rmcat/",
}
@inproceedings{de2013experimental,
  title={Experimental investigation of the google congestion control for real-time flows},
  author={De Cicco, Luca and Carlucci, Gaetano and Mascolo, Saverio},
  booktitle={Proceedings of the 2013 ACM SIGCOMM workshop on Future human-centric multimedia networking},
  pages={21--26},
  year={2013},
  organization={ACM}
}
@article{brakmo1995tcp,
  author    = {Lawrence S. Brakmo and
               Larry L. Peterson},
  title     = {{TCP} Vegas: End to End Congestion Avoidance on a Global Internet},
  journal   = {{IEEE} Journal on Selected Areas in Communications},
  volume    = {13},
  number    = {8},
  pages     = {1465--1480},
  year      = {1995},
  url       = {http://dx.doi.org/10.1109/49.464716},
  doi       = {10.1109/49.464716},
}
@inproceedings{kuzmanovic2003tcp,
  author    = {Aleksandar Kuzmanovic and
               Edward W. Knightly},
  title     = {{TCP-LP:} {A} Distributed Algorithm for Low Priority Data Transfer},
  booktitle = {Proceedings {IEEE} {INFOCOM} 2003, The 22nd Annual Joint Conference
               of the {IEEE} Computer and Communications Societies, San Franciso,
               CA, USA, March 30 - April 3, 2003},
  publisher = {{IEEE}},
  year      = {2003},
  url       = {http://www.ieee-infocom.org/2003/papers/41_04.PDF},
  timestamp = {Mon, 26 Jan 2015 16:54:51 +0100},
  biburl    = {http://dblp.uni-trier.de/rec/bib/conf/infocom/KuzmanovicK03},
  bibsource = {dblp computer science bibliography, http://dblp.org}
}
@techreport{shalunov2012low,
  title={Low extra delay background transport},
  author={Shalunov, Stanislav},
  year={2010},
  institution={Internet-draft, Internet Engineering Task Force}
}
@phdthesis{陈敏2004网络实时视频传输研究,
  title={网络实时视频传输研究},
  author={陈敏},
  year={2004},
  school={华南理工大学}
}
@article{wang1998error,
author={Yao Wang and Qin-Fan Zhu},
journal={Proceedings of the IEEE},
title={Error control and concealment for video communication: a review},
year={1998},
volume={86},
number={5},
pages={974-997},
keywords={channel coding;decoding;error correction codes;error detection codes;forward error correction;reviews;source coding;video coding;coded bit streams;concealment;damaged areas;decoder;error control;error resilience;forward error concealment;image signals;interactive error concealment;international standards;postprocessing;redundancy;review;unreliable channels;video communication;video delivery;video signal;Asynchronous transfer mode;Decoding;Error correction;Huffman coding;IP networks;Streaming media;Video compression;Video sequences;Wireless networks},
doi={10.1109/5.664283},
ISSN={0018-9219},
month={May},
}
@inproceedings{davis1996joint,
  author    = {Geoffrey M. Davis and
               John M. Danskin and
               Xiyong Song},
  title     = {Joint source and channel coding for Internet image transmission},
  booktitle = {{ICIP} {(1)}},
  pages     = {21--24},
  year      = {1996},
  url       = {http://dx.doi.org/10.1109/ICIP.1996.559423},
  doi       = {10.1109/ICIP.1996.559423},
  timestamp = {Thu, 12 May 2016 16:36:32 +0200},
  biburl    = {http://dblp.uni-trier.de/rec/bib/conf/icip/DavisDS96},
  bibsource = {dblp computer science bibliography, http://dblp.org}
}
@inproceedings{richardson2003error,
  title={Error floors of LDPC codes},
  author={Richardson, Tom},
  booktitle={Proceedings of the annual Allerton conference on communication control and computing},
  volume={41},
  number={3},
  pages={1426--1435},
  year={2003},
  organization={The University; 1998}
}
@article{stockhammer2003h,
author={T. Stockhammer and M. M. Hannuksela and T. Wiegand},
journal={IEEE Transactions on Circuits and Systems for Video Technology},
title={H.264/AVC in wireless environments},
year={2003},
volume={13},
number={7},
pages={657-673},
keywords={data compression;telecommunication standards;video coding;videotelephony;H.264/AVC standardization effort;broadcast;coded video data;high-compression efficiency;network abstraction layer;streaming;video coding;video telephony;wireless environments;Automatic voltage control;Codecs;Intelligent networks;MPEG 4 Standard;Multimedia communication;Standardization;Streaming media;Telephony;Video coding;Video compression},
doi={10.1109/TCSVT.2003.815167},
ISSN={1051-8215},
month={July},
}
@article{soltani2009delay,
author={S. Soltani and K. Misra and H. Radha},
journal={IEEE Transactions on Multimedia},
title={Delay Constraint Error Control Protocol for Real-Time Video Communication},
year={2009},
volume={11},
number={4},
pages={742-751},
keywords={channel coding;code standards;error correction codes;protocols;telecommunication traffic;video codecs;video coding;video communication;wireless LAN;802.11 b WLAN;H.264-AVC JM14.0 video codec;channel codes;delay constraint error control protocol;real-time video communication;real-time video traffic;wireless channels;wireless link;Channel coding;forward error correction;link-layer;multimedia communication;wireless LAN},
doi={10.1109/TMM.2009.2017622},
ISSN={1520-9210},
month={June},
}
@article{schier2012optimizing,
author={M. Schier and M. Welzl},
journal={IEEE Transactions on Multimedia},
title={Optimizing Selective ARQ for H.264 Live Streaming: A Novel Method for Predicting Loss-Impact in Real Time},
year={2012},
volume={14},
number={2},
pages={415-430},
keywords={automatic repeat request;optimisation;video coding;video streaming;H.264 live streaming;H.264/AVC video streams;error propagation;media units;optimizing selective ARQ;real-time capable prioritization;receiver feedback;video quality;Automatic repeat request;Complexity theory;Computational modeling;Decoding;Estimation;Media;Streaming media;End-to-end distortion modeling;H.264/AVC;error propagation;live video streaming;packet loss;selective automatic repeat request (ARQ)},
doi={10.1109/TMM.2011.2178235},
ISSN={1520-9210},
month={April},
}
@article{gettys2012bufferbloat,
author={J. Gettys},
journal={IEEE Internet Computing},
title={Bufferbloat: Dark Buffers in the Internet},
year={2011},
volume={15},
number={3},
pages={96-96},
keywords={Internet;Bufferbloat;Internet;bad latency;buffer size;dark buffer;network communication system;Bandwidth;Broadband communication;Internet;Linux;AQM;RED;bufferbloat;congestion},
doi={10.1109/MIC.2011.56},
ISSN={1089-7801},
month={May},
}
@inproceedings{zhu2013nada,
author={X. Zhu and R. Pan},
booktitle={2013 20th International Packet Video Workshop},
title={NADA: A Unified Congestion Control Scheme for Low-Latency Interactive Video},
year={2013},
pages={1-8},
keywords={PI control;queueing theory;telecommunication congestion control;teleconferencing;transport protocols;video codecs;video communication;CoDel;ECN markings;NADA;TCP;advanced queue management schemes;controlled delay;explicit congestion notification;interactive media applications;live video encoder;low-latency interactive video;network-assisted dynamic adaptation;precongestion notification;proportional integral controller;queuing delay;random early detection;token-bucket-based random marking scheme;unified congestion control scheme;video conferencing;weighted bandwidth sharing;Bandwidth;Delays;Media;Packet loss;Receivers;Streaming media},
doi={10.1109/PV.2013.6691448},
ISSN={2167-969X},
month={Dec},
}
@article{cicco2010mathematical,
  author    = {Luca De Cicco and
               Saverio Mascolo and
               Vittorio Palmisano},
  title     = {A mathematical model of the Skype VoIP congestion control algorithm},
  booktitle = {Proceedings of the 47th {IEEE} Conference on Decision and Control,
               {CDC} 2008, December 9-11, 2008, Canc{\'{u}}n, M{\'{e}}xico},
  pages     = {1410--1415},
  year      = {2008},
}
@inproceedings{tian2012towards,
author={G. Tian and Y. Liu},
journal={IEEE/ACM Transactions on Networking},
title={Towards Agile and Smooth Video Adaptation in HTTP Adaptive Streaming},
year={2015},
volume={PP},
number={99},
pages={1-1},
keywords={Algorithm design and analysis;Bandwidth;Servers;Streaming media;Switches;Throughput;Wireless communication;Adaptation;Emulab;HTTP Adaptive Streaming (HAS);Support Vector Regress (SVR);multiple-server;wireless},
doi={10.1109/TNET.2015.2464700},
ISSN={1063-6692},
month={},
}
@inproceedings{wong2004pid,
  author    = {Chi{-}Wah Wong and
               Oscar C. Au and
               Hong{-}Kwai Lam},
  title     = {PID-based real-time rate control},
  booktitle = {Proceedings of the 2004 {IEEE} International Conference on Multimedia
               and Expo, {ICME} 2004, 27-30 June 2004, Taipei, Taiwan},
  pages     = {221--224},
  year      = {2004},
}

@article{baccaglini2008slice,
  author    = {Enrico Baccaglini and
               Tammam Tillo and
               Gabriella Olmo},
  title     = {Slice Sorting for Unequal Loss Protection of Video Streams},
  journal   = {{IEEE} Signal Process. Lett.},
  volume    = {15},
  pages     = {581--584},
  year      = {2008},
  url       = {http://dx.doi.org/10.1109/LSP.2008.2001565},
  doi       = {10.1109/LSP.2008.2001565},
  timestamp = {Mon, 15 Jul 2013 17:28:07 +0200},
  biburl    = {http://dblp.uni-trier.de/rec/bib/journals/spl/BaccagliniTO08},
  bibsource = {dblp computer science bibliography, http://dblp.org}
}
@article{bouabdallah2006dependency,
  title={Dependency-aware unequal erasure protection codes},
  author={Bouabdallah, Amine and Lacan, J{\'e}r{\^o}me},
  journal={Journal of Zhejiang University SCIENCE A},
  volume={7},
  number={1},
  pages={27--33},
  year={2006},
  publisher={Springer}
}
@inproceedings{thomos2006robust,
  author    = {Nikolaos Thomos and
               Savvas Argyropoulos and
               Nikolaos V. Boulgouris and
               Michael G. Strintzis},
  title     = {Robust Transmission of {H.264/AVC} Video using Adaptive Slice Grouping
               and Unequal Error Protection},
  booktitle = {Proceedings of the 2006 {IEEE} International Conference on Multimedia
               and Expo, {ICME} 2006, July 9-12 2006, Toronto, Ontario, Canada},
  pages     = {593--596},
  publisher = {{IEEE} Computer Society},
  year      = {2006},
  url       = {http://dx.doi.org/10.1109/ICME.2006.262478},
  doi       = {10.1109/ICME.2006.262478},
  timestamp = {Thu, 23 Oct 2014 11:41:16 +0200},
  biburl    = {http://dblp.uni-trier.de/rec/bib/conf/icmcs/ThomosABS06},
  bibsource = {dblp computer science bibliography, http://dblp.org}
}

%%%%%%%%%%%%%%%%%%%%%%%%%%%%%%%%%%%%%%%%%%%%%%%%
%%% Rate Control
%%%%%%%%%%%%%%%%%%%%%%%%%%%%%%%%%%%%%%%%%%%%%%%%
@article{index2016global,
  title={Global mobile data traffic forecast update, 2010-2015},
  author={Index, Cisco Visual Networking},
  journal={White Paper, February},
  year={2016}
}
@article{nafaa2008forward,
author={A. Nafaa and T. Taleb and L. Murphy},
journal={IEEE Communications Magazine},
title={Forward error correction strategies for media streaming over wireless networks},
year={2008},
volume={46},
number={1},
pages={72-79},
keywords={forward error correction;media streaming;quality of service;radio networks;telecommunication network reliability;wireless LAN;wireless channels;added-value multimedia-rich services;delivery/transport architecture;media streaming;next-generation mobile communication system;packet-level forward error correction;quality of service;real-time service reliability;sporadic packet loss;wireless LAN;wireless channels;Error correction;Error correction codes;Forward error correction;Internet;Parity check codes;Reed-Solomon codes;Streaming media;Transport protocols;Video coding;Wireless networks},
doi={10.1109/MCOM.2008.4427233},
ISSN={0163-6804},
month={January},
}
@article{wu2000transporting,
author={Dapeng Wu and Yiwei Thoms Hou and Ya-Qin Zhang},
journal={Proceedings of the IEEE},
title={Transporting real-time video over the Internet: challenges and approaches},
year={2000},
volume={88},
number={12},
pages={1855-1877},
keywords={Internet;error correction;multimedia communication;quality of service;real-time systems;telecommunication congestion control;visual communication;Internet;bandwidth;congestion control;data compression;delay;error concealment;error control;forward error correction;heterogeneity;loss;multimedia communication;protocol;quality of service;rate control;rate shaping;rate-adaptive encoding;real-time video transport;retransmission error resilience;Bandwidth;Delay;Error correction;Forward error correction;IP networks;Propagation losses;Quality of service;Shape control;Video compression;Web and internet services},
doi={10.1109/5.899055},
ISSN={0018-9219},
month={Dec},
}
@article{wu2000end,
  author    = {Dapeng Wu and
               Yiwei Thomas Hou and
               Wenwu Zhu and
               Hung{-}Ju Lee and
               Ti{-}Hao Chiang and
               Ya{-}Qin Zhang and
               H. Jonathan Chao},
  title     = {On end-to-end architecture for transporting {MPEG-4} video over the
               Internet},
  journal   = {{IEEE} Trans. Circuits Syst. Video Techn.},
  volume    = {10},
  number    = {6},
  pages     = {923--941},
  year      = {2000},
  url       = {http://dx.doi.org/10.1109/76.867930},
  doi       = {10.1109/76.867930},
  timestamp = {Fri, 06 Mar 2015 11:12:17 +0100},
  biburl    = {http://dblp.uni-trier.de/rec/bib/journals/tcsv/WuHZLCZC00},
  bibsource = {dblp computer science bibliography, http://dblp.org}
}
@article{berger1971rate,
  title={Rate-Distortion Theory},
  author={Berger, Toby},
  journal={Encyclopedia of Telecommunications},
  year={1971},
  publisher={Wiley Online Library}
}

@article{kelly1997charging,
  author    = {Frank Kelly},
  title     = {Charging and rate control for elastic traffic},
  journal   = {European Transactions on Telecommunications},
  volume    = {8},
  number    = {1},
  pages     = {33--37},
  year      = {1997},
  url       = {http://dx.doi.org/10.1002/ett.4460080106},
  doi       = {10.1002/ett.4460080106},
  timestamp = {Fri, 26 Apr 2013 14:49:29 +0200},
  biburl    = {http://dblp.uni-trier.de/rec/bib/journals/ett/Kelly97},
  bibsource = {dblp computer science bibliography, http://dblp.org}
}

@article{wei2006fast,
  author    = {David X. Wei and
               Cheng Jin and
               Steven H. Low and
               Sanjay Hegde},
  title     = {{FAST} {TCP:} motivation, architecture, algorithms, performance},
  journal   = {{IEEE/ACM} Trans. Netw.},
  volume    = {16},
  number    = {6},
  pages     = {1246--1259},
  year      = {2006},
  url       = {http://doi.acm.org/10.1145/1217695},
  doi       = {10.1145/1217695},
  timestamp = {Fri, 16 Feb 2007 15:08:59 +0100},
  biburl    = {http://dblp.uni-trier.de/rec/bib/journals/ton/WeiJLH06},
  bibsource = {dblp computer science bibliography, http://dblp.org}
}

@article{franklin2006feedback,
  title={Feedback control of dynamics systems},
  author={Franklin, Gene F and Powell, J David and Emami-Naeini, Abbas},
  journal={Pretince Hall Inc},
  year={2006}
}
@article{song2006compound,
  title={Compound TCP: A scalable and TCP-friendly congestion control for high-speed networks},
  author={Song, Kun Tan Jingmin and Zhang, Q and Sridharan, M},
  journal={Proceedings of PFLDnet 2006},
  year={2006}
}

%%%%%%%%%%%%%%%%%%%%%%%%%%%%%%%%%%%%%%%%%%%%%%%%
%%% UEP
%%%%%%%%%%%%%%%%%%%%%%%%%%%%%%%%%%%%%%%%%%%%%%%%
@article{sejdinovic2009expanding,
  author    = {Dino Sejdinovic and
               Dejan Vukobratovic and
               Angela Doufexi and
               Vojin Senk and
               Robert J. Piechocki},
  title     = {Expanding window fountain codes for unequal error protection},
  journal   = {{IEEE} Trans. Communications},
  volume    = {57},
  number    = {9},
  pages     = {2510--2516},
  year      = {2009},
  url       = {http://dx.doi.org/10.1109/TCOMM.2009.09.070616},
  doi       = {10.1109/TCOMM.2009.09.070616},
  timestamp = {Wed, 09 Mar 2016 14:33:23 +0100},
  biburl    = {http://dblp.uni-trier.de/rec/bib/journals/tcom/SejdinovicVDSP09},
  bibsource = {dblp computer science bibliography, http://dblp.org}
}
@article{yang2005unequal,
  author    = {Xiaokang Yang and
               Ce Zhu and
               Zhengguo Li and
               Xiao Lin and
               Nam Ling},
  title     = {An unequal packet loss resilience scheme for video over the Internet},
  journal   = {{IEEE} Trans. Multimedia},
  volume    = {7},
  number    = {4},
  pages     = {753--765},
  year      = {2005},
  url       = {http://dx.doi.org/10.1109/TMM.2005.846782},
  doi       = {10.1109/TMM.2005.846782},
  timestamp = {Mon, 21 Mar 2016 15:17:23 +0100},
  biburl    = {http://dblp.uni-trier.de/rec/bib/journals/tmm/YangZLLL05},
  bibsource = {dblp computer science bibliography, http://dblp.org}
}
@article{wang2000error,
author={Yao Wang and S. Wenger and Jiantao Wen and A. K. Katsaggelos},
journal={IEEE Signal Processing Magazine},
title={Error resilient video coding techniques},
year={2000},
volume={17},
number={4},
pages={61-82},
keywords={code standards;coding errors;data compression;motion compensation;prediction theory;protocols;reviews;telecommunication networks;telecommunication standards;transform coding;video coding;visual communication;H.263 video coding standards;MPEG-4 video coding standards;block-based hybrid coders;decoder error concealment techniques;encoder error resilience tools;error resilient video coding;motion-compensated prediction;network environments;protocol;real-time video transport;shape coding;transform coding;unreliable networks;Decoding;Error correction;Forward error correction;MPEG 4 Standard;Protection;Resilience;Shape;Streaming media;Video coding;Video compression},
doi={10.1109/79.855913},
ISSN={1053-5888},
month={Jul},
}
@inproceedings{nazir2011expanding,
  author    = {Sajid Nazir and
               Vladimir Stankovic and
               Dejan Vukobratovic},
  editor    = {Beno{\^{\i}}t Macq and
               Peter Schelkens},
  title     = {Expanding Window Random Linear Codes for data partitioned {H.264}
               video transmission over {DVB-H} network},
  booktitle = {18th {IEEE} International Conference on Image Processing, {ICIP} 2011,
               Brussels, Belgium, September 11-14, 2011},
  pages     = {2205--2208},
  publisher = {{IEEE}},
  year      = {2011},
  url       = {http://dx.doi.org/10.1109/ICIP.2011.6116073},
  doi       = {10.1109/ICIP.2011.6116073},
  timestamp = {Thu, 05 Jan 2012 15:03:07 +0100},
  biburl    = {http://dblp.uni-trier.de/rec/bib/conf/icip/NazirSV11},
  bibsource = {dblp computer science bibliography, http://dblp.org}
}
@article{xiao2013real,
  author    = {Jimin Xiao and
               Tammam Tillo and
               Yao Zhao},
  title     = {Real-Time Video Streaming Using Randomized Expanding Reed-Solomon
               Code},
  journal   = {{IEEE} Trans. Circuits Syst. Video Techn.},
  volume    = {23},
  number    = {11},
  pages     = {1825--1836},
  year      = {2013},
  url       = {http://dx.doi.org/10.1109/TCSVT.2013.2248235},
  doi       = {10.1109/TCSVT.2013.2248235},
  timestamp = {Tue, 19 Nov 2013 15:26:02 +0100},
  biburl    = {http://dblp.uni-trier.de/rec/bib/journals/tcsv/XiaoTZ13},
  bibsource = {dblp computer science bibliography, http://dblp.org}
}
@inproceedings{zhang2011transmission,
  author    = {Yongfei Zhang and
               Shiyin Qin and
               Zhihai He},
  title     = {Transmission Distortion-optimized Unequal Loss Protection for video
               transmission over packet erasure channels},
  booktitle = {Proceedings of the 2011 {IEEE} International Conference on Multimedia
               and Expo, {ICME} 2011, 11-15 July, 2011, Barcelona, Catalonia, Spain},
  pages     = {1--6},
  publisher = {{IEEE} Computer Society},
  year      = {2011},
  url       = {http://dx.doi.org/10.1109/ICME.2011.6011931},
  doi       = {10.1109/ICME.2011.6011931},
  timestamp = {Mon, 20 Oct 2014 08:33:04 +0200},
  biburl    = {http://dblp.uni-trier.de/rec/bib/conf/icmcs/ZhangQH11},
  bibsource = {dblp computer science bibliography, http://dblp.org}
}
@article{luo2014raptor,
  author    = {Zhengyi Luo and
               Li Song and
               Shibao Zheng and
               Nam Ling},
  title     = {Raptor Codes Based Unequal Protection for Compressed Video According
               to Packet Priority},
  journal   = {{IEEE} Trans. Multimedia},
  volume    = {15},
  number    = {8},
  pages     = {2208--2213},
  year      = {2013},
  url       = {http://dx.doi.org/10.1109/TMM.2013.2280561},
  doi       = {10.1109/TMM.2013.2280561},
  timestamp = {Wed, 09 Mar 2016 15:31:48 +0100},
  biburl    = {http://dblp.uni-trier.de/rec/bib/journals/tmm/LuoSZL13},
  bibsource = {dblp computer science bibliography, http://dblp.org}
}
@article{vukobratovic2009scalable,
  author    = {Dejan Vukobratovic and
               Vladimir Stankovic and
               Dino Sejdinovic and
               Lina Stankovic and
               Zixiang Xiong},
  title     = {Scalable Video Multicast Using Expanding Window Fountain Codes},
  journal   = {{IEEE} Trans. Multimedia},
  volume    = {11},
  number    = {6},
  pages     = {1094--1104},
  year      = {2009},
  url       = {http://dx.doi.org/10.1109/TMM.2009.2026087},
  doi       = {10.1109/TMM.2009.2026087},
  timestamp = {Wed, 09 Mar 2016 15:31:49 +0100},
  biburl    = {http://dblp.uni-trier.de/rec/bib/journals/tmm/VukobratovicSSSX09},
  bibsource = {dblp computer science bibliography, http://dblp.org}
}
@inproceedings{zhang2012novel,
  author    = {Xinggong Zhang and
               Chao Zhou and
               Zongming Guo},
  title     = {A novel {JSCC} scheme for scalable video transmission over {MIMO}
               systems},
  booktitle = {19th {IEEE} International Conference on Image Processing, {ICIP} 2012,
               Lake Buena Vista, Orlando, FL, USA, September 30 - October 3, 2012},
  pages     = {2277--2280},
  publisher = {{IEEE}},
  year      = {2012},
  url       = {http://dx.doi.org/10.1109/ICIP.2012.6467350},
  doi       = {10.1109/ICIP.2012.6467350},
  timestamp = {Thu, 28 Feb 2013 20:40:36 +0100},
  biburl    = {http://dblp.uni-trier.de/rec/bib/conf/icip/ZhangZG12},
  bibsource = {dblp computer science bibliography, http://dblp.org}
}
@article{zhou2014novel,
  author    = {Chao Zhou and
               Chia{-}Wen Lin and
               Xinggong Zhang and
               Zongming Guo},
  title     = {A Novel {JSCC} Scheme for UEP-Based Scalable Video Transmission Over
               {MIMO} Systems},
  journal   = {{IEEE} Trans. Circuits Syst. Video Techn.},
  volume    = {25},
  number    = {6},
  pages     = {1002--1015},
  year      = {2015},
  url       = {http://dx.doi.org/10.1109/TCSVT.2014.2364418},
  doi       = {10.1109/TCSVT.2014.2364418},
  timestamp = {Tue, 09 Jun 2015 14:39:42 +0200},
  biburl    = {http://dblp.uni-trier.de/rec/bib/journals/tcsv/ZhouLZG15},
  bibsource = {dblp computer science bibliography, http://dblp.org}
}
@article{hellge2011layer,
  author    = {Cornelius Hellge and
               David Gomez{-}Barquero and
               Thomas Schierl and
               Thomas Wiegand},
  title     = {Layer-Aware Forward Error Correction for Mobile Broadcast of Layered
               Media},
  journal   = {{IEEE} Trans. Multimedia},
  volume    = {13},
  number    = {3},
  pages     = {551--562},
  year      = {2011},
  url       = {http://dx.doi.org/10.1109/TMM.2011.2129499},
  doi       = {10.1109/TMM.2011.2129499},
  timestamp = {Wed, 09 Mar 2016 15:31:48 +0100},
  biburl    = {http://dblp.uni-trier.de/rec/bib/journals/tmm/HellgeGSW11},
  bibsource = {dblp computer science bibliography, http://dblp.org}
}
@book{wicker1999reed,
  title={Reed-Solomon codes and their applications},
  author={Wicker, Stephen B and Bhargava, Vijay K},
  year={1999},
  publisher={John Wiley \& Sons}
}
@misc{website:jm18,
  author = "[Online]",
  year={2014},
  title = "http://iphome.hhi.de/suehring/tml/",
}
@article{zhang2000video,
  author    = {Rui Zhang and
               Shankar L. Regunathan and
               Kenneth Rose},
  title     = {Video coding with optimal inter/intra-mode switching for packet loss
               resilience},
  journal   = {{IEEE} Journal on Selected Areas in Communications},
  volume    = {18},
  number    = {6},
  pages     = {966--976},
  year      = {2000},
  url       = {http://dx.doi.org/10.1109/49.848250},
  doi       = {10.1109/49.848250},
  timestamp = {Fri, 17 Feb 2012 09:46:39 +0100},
  biburl    = {http://dblp.uni-trier.de/rec/bib/journals/jsac/ZhangRR00},
  bibsource = {dblp computer science bibliography, http://dblp.org}
}



%%%%%%%%%%%%%%%%%%%%%%%%%%%%%%%%%%%%%%%%%%%%%%%%
%%% TVphone
%%%%%%%%%%%%%%%%%%%%%%%%%%%%%%%%%%%%%%%%%%%%%%%%
@misc{website:linphone,
  author = "[Online]",
  year={2014},
  title = "http://www.linphone.org/",
}
@article{jacobson2003rtp,
  title={RTP: A transport protocol for real-time applications},
  author={Jacobson, Van and Frederick, Ron and Casner, Steve and Schulzrinne, H},
  year={2003}
}
@misc{website:longhair,
  author = "[Online]",
  year={2014},
  title = "https://github.com/catid/longhair",
}

@inproceedings{GengZZG15,
  author    = {Yufeng Geng and
               Xinggong Zhang and
               Chao Zhou and
               Zongming Guo},
  title     = {Unequal error protection for real-time video streaming using expanding
               window reed-solomon code},
  booktitle = {2015 {IEEE} International Conference on Image Processing, {ICIP} 2015,
               Quebec City, QC, Canada, September 27-30, 2015},
  pages     = {3763--3767},
  publisher = {{IEEE}},
  year      = {2015},
  url       = {http://dx.doi.org/10.1109/ICIP.2015.7351508},
  doi       = {10.1109/ICIP.2015.7351508},
  timestamp = {Thu, 17 Dec 2015 15:45:47 +0100},
  biburl    = {http://dblp.uni-trier.de/rec/bib/conf/icip/GengZZG15},
  bibsource = {dblp computer science bibliography, http://dblp.org}
}
@inproceedings{GengZNZG15,
  author    = {Yufeng Geng and
               Xinggong Zhang and
               Tong Niu and
               Chao Zhou and
               Zongming Guo},
  title     = {Delay-constrained rate control for real-time video streaming over
               wireless networks},
  booktitle = {2015 Visual Communications and Image Processing, {VCIP} 2015, Singapore,
               December 13-16, 2015},
  pages     = {1--4},
  publisher = {{IEEE}},
  year      = {2015},
  url       = {http://dx.doi.org/10.1109/VCIP.2015.7457857},
  doi       = {10.1109/VCIP.2015.7457857},
  timestamp = {Wed, 27 Apr 2016 18:37:20 +0200},
  biburl    = {http://dblp.uni-trier.de/rec/bib/conf/vcip/GengZNZG15},
  bibsource = {dblp computer science bibliography, http://dblp.org}
}

%中文参考文献的作者不只一位时，需要用两层大括号，中间用英文逗号加一个空格
%中文参考文献的出版社后面有一个手动加入的空格“\ ”

@book{Reference_authors_Chinese,
  title = {泛函分析讲义（下册）},
  publisher = {北京大学出版社\ },
  address = {北京},
  year = {1990},
  author = {{张恭庆, 郭懋正}}
}
%译著的写法
